% BibTex
@misc{Eg,
    author = {Hao Ren},
	title = {Template for Math Notes},
    year = {2021},
}

@book{atiyah1969introduction,
  title={Introduction to Commutative Algebra},
  author={Atiyah, Michael Francis and Macdonald, Ian G.},
  year={1969},
  publisher={Addison-Wesley}
}

@book{judson2019abstract,
  title={Abstract Algebra: Theory and Applications},
  author={Judson, David S.},
  year={2019},
  edition={3rd edition},
  publisher={Orthogonal Publishing L3C}
}